<?xml version="1.0" encoding="UTF-8"?><collection><record><leader>07657ntm a2200709 a 4500</leader><controlfield tag="001">006796254</controlfield><controlfield tag="003">MiAaHDL</controlfield><controlfield tag="005">20190806000000.0</controlfield><controlfield tag="006">m        d        </controlfield><controlfield tag="007">cr bn ---auaua</controlfield><controlfield tag="008">090521q17851786xx            00| ||ara d</controlfield><datafield tag="035" ind1=" " ind2=" "><subfield code="a">(MiU)006796254</subfield></datafield><datafield tag="035" ind1=" " ind2=" "><subfield code="a">sdr-miu006796254</subfield></datafield><datafield tag="040" ind1=" " ind2=" "><subfield code="a">MiU</subfield><subfield code="c">MiU</subfield><subfield code="e">amremm</subfield></datafield><datafield tag="043" ind1=" " ind2=" "><subfield code="a">n-us-mi</subfield></datafield><datafield tag="245" ind1="0" ind2="0"><subfield code="6">880-03</subfield><subfield code="a">[Aṣḥāb Badr ...etc.,</subfield><subfield code="f">1200, i.e. 1785 or 1786].</subfield></datafield><datafield tag="246" ind1="3" ind2=" "><subfield code="i">Title on slipcase flap:</subfield><subfield code="a">اصحاب بدر</subfield></datafield><datafield tag="260" ind1=" " ind2=" "><subfield code="c">[1785 or 1786].</subfield></datafield><datafield tag="300" ind1=" " ind2=" "><subfield code="a">46 leaves :</subfield><subfield code="b">paper ;</subfield><subfield code="c">200 x 140 (132 x 84) mm.</subfield></datafield><datafield tag="500" ind1=" " ind2=" "><subfield code="a">Shelfmark: Ann Arbor, University of Michigan, Special Collections Library, Isl. Ms. 233</subfield></datafield><datafield tag="500" ind1=" " ind2=" "><subfield code="a">Origin: As appears in colophon on p.95, executed by Hakkakzade Hafız Feyzullah with transcription completed in the year 1200 [1785 or 6].</subfield></datafield><datafield tag="500" ind1=" " ind2=" "><subfield code="a">Former shelfmark: "476 T. De M. [i.e. Tammaro De Marinis]" inscribed in pencil on verso of front flyleaf ; "40" inscribed in pencil on 'title page' (p.5).</subfield></datafield><datafield tag="500" ind1=" " ind2=" "><subfield code="a">Binding: Pasteboards covered in red leather ; Type II binding (with flap) ; pastedowns and flyleaves in silver-flecked olive-green tinted European laid paper ; upper and lower covers carry central lozenge-shaped panel in gold- and silver-tooled semé pattern of rosette stamps along with decorative border on black and red leathers consisting of two guilloché rolls accented by gold fillets ; design continues on flap ; accompanied by slipcase with tail edge and pentagonal flap (carrying title) and woven pull tape, also covered in red leather (lined in yellow paper) with scalloped mandorla and pendants filled with tooled / cut and gold-filled vegetal composition over black leather onlays, as well as rosette stamp and stroke accents and guilloché roll border flanked by gold fillets ; sewn in pink thread, four stations ; worked chevron endbands in pink and cream, good condition ; overall in good condition with only minor abrasion at edges, repairs to joints and hinges in Japanese paper ; both volume and slipcase housed in custom box.</subfield></datafield><datafield tag="500" ind1=" " ind2=" "><subfield code="a">Support: non-European laid paper with 9 laid lines per cm. (horizontal, fairly distinct), thin, crisp and transluscent though sturdy, heavily sized and burnished to glossy, beige in color ; pastedowns and flyleaves in European laid paper.</subfield></datafield><datafield tag="500" ind1=" " ind2=" "><subfield code="a">Decoration: Brilliant illuminated headpiece (ʻunwān / sarlawḥ) at opening on p.6 consisting of w-shaped piece with cartouche carrying title "هذا اصحاب بدر" in red and accented by scalloped domes in gold against a field of blue all overlaid with swirling vegetal pattern in white, pink, yellow, blue, mint green, etc. ; entire piece is set in a well of green, gold, and white bands with red and gold accents and is surmounted by vertical stalks (tīgh) ; simpler illuminated tailpieces flanking close of Aṣḥāb Badr and Aṣḥāb Badr min al-shuhadāʼon p.52 and p.65, and at opening of Aṣḥāb Badr min al-shuhadāʼ (p.52) and Munājāt aṣḥāb Badr (p.65) fine illuminated headpieces carrying the titles in red ; superbly executed illuminated tailpiece accenting close of the munājāt and colophon on p.95, consisting of cloud-bands in gold, some overlaid with vegetal decoration, as well as narrow rectangular panel with swirling vegetal decoration in shades of blue, yellow, white, and pink on a blue ground and a larger rectangular panel reminiscent of book cover design in shades of gold, pink, blue, yellow, mint green, etc. surrounded by heavy interlace border ; written area surrounded by heavy gold frame accented by narrower gold, black and red fillets ; eight panels outlined by narrow gold band ; textual dividers in the form of elaborate illuminated rosettes with accents in white, red, blue, pink, etc. appear in the text of the munājāt ; titles and benediction (tarḍiyah) following each Companion's name rubricated.</subfield></datafield><datafield tag="500" ind1=" " ind2=" "><subfield code="a">Script: Exquisite specimen of Ottoman calligraphy ; a splendid naskh, seriffed, with characteristic tilt to the left, and sweeping tails on final yāʼ, alif maqṣūrah, and nūn ; fully vocalized.</subfield></datafield><datafield tag="500" ind1=" " ind2=" "><subfield code="a">Layout: For text listing the Companions, written area divided to eight panels, two columns with four panels in each column ; within each panel appears a Companion's name and benediction (tarḍiyah) in roughly three lines, for a total of eight Companions per page ; text of the munājāt written in 9 lines per page ; frame-ruled.</subfield></datafield><datafield tag="500" ind1=" " ind2=" "><subfield code="a">Collation: iii, 4 V(40), III (46), iii ; quinions and a ternion ; traces of catchwords (often cut off) ; foliation in black ink, Hindu-Arabic numerals, appears at center head of the recto of some leaves (see p.25, etc.) and lower center of the verso of other leaves (see p.48, etc.) ; pagination in pencil, Western numerals, supplied during digitization (some flyleaves paginated).</subfield></datafield><datafield tag="500" ind1=" " ind2=" "><subfield code="a">Colophon: "Scribal," reads: "كتبه المذنب حافظ فيض الله المعروف بحكاك زاده لسنة مأتين وألف من هجرة من له العز والشرف"</subfield></datafield><datafield tag="500" ind1=" " ind2=" "><subfield code="a">Title supplied by cataloguer.</subfield></datafield><datafield tag="500" ind1=" " ind2=" "><subfield code="a">Ms. codex.</subfield></datafield><datafield tag="505" ind1="0" ind2=" "><subfield code="a">5. p.96-p.100 : [blank].</subfield></datafield><datafield tag="505" ind1="0" ind2=" "><subfield code="a">4. p.65-p.95 : Hādhā Munājāt aṣḥāb Badr.</subfield></datafield><datafield tag="505" ind1="0" ind2=" "><subfield code="a">3. p.52-p.65 Hādhā Aṣḥāb Badr min al-shuhadāʼ.</subfield></datafield><datafield tag="505" ind1="0" ind2=" "><subfield code="a">2. p.6-p.52 : Aṣḥāb Badr.</subfield></datafield><datafield tag="505" ind1="0" ind2=" "><subfield code="a">1. p.1-p.5 : [blank].</subfield></datafield><datafield tag="510" ind1="4" ind2=" "><subfield code="a">Binney, Edwin, 3rd. Turkish treasures from the collection of Edwin Binney, 3rd. (Portland, OR, Portland Art Museum, 1979),</subfield><subfield code="c">no. 76, pp.114-115.</subfield></datafield><datafield tag="510" ind1="4" ind2=" "><subfield code="a">Serin, Muhittin. “Amerika Birleşik Devletleri’ndeki Bazı Kütüphanelerde Bulunan İslam El Yazma Eserleri ve Michigan Üniversitesi II. Abdülhamid Koleksiyonu,” Akademik Araştırmalar Dergisi 2, 4-5, (2000).</subfield></datafield><datafield tag="520" ind1="8" ind2=" "><subfield code="a">Exquisite calligraphic specimen in the hand of Hakkakzade Hafız Feyzullah, employing a listing of the ṣaḥābah or Companions of the Prophet who took part in the battle of Badr, followed by a prayer (munājāt) addressed to them.</subfield></datafield><datafield tag="538" ind1=" " ind2=" "><subfield code="a">Mode of access: Internet.</subfield></datafield><datafield tag="541" ind1=" " ind2=" "><subfield code="c">Purchase ;</subfield><subfield code="a">Acquired by purchase (funds donated by Horace Rackham).</subfield><subfield code="d">1924.</subfield></datafield><datafield tag="546" ind1=" " ind2=" "><subfield code="a">Arabic.</subfield></datafield><datafield tag="561" ind1=" " ind2=" "><subfield code="a">Inscriptions in pencil on verso of front flyleaf "476 T. De M. [i.e. Tammaro De Marinis]" and 'title page' (p.5) "40" ; clean copy.</subfield></datafield><datafield tag="600" ind1="0" ind2="0"><subfield code="a">Muḥammad,</subfield><subfield code="c">Prophet,</subfield><subfield code="d">-632</subfield><subfield code="x">Companions</subfield><subfield code="v">Prayers and devotions</subfield><subfield code="v">Early works to 1800.</subfield></datafield><datafield tag="600" ind1="0" ind2="0"><subfield code="a">Muḥammad,</subfield><subfield code="c">Prophet,</subfield><subfield code="d">-632</subfield><subfield code="x">Companions</subfield><subfield code="v">Early works to 1800.</subfield></datafield><datafield tag="650" ind1=" " ind2="0"><subfield code="a">Manuscripts, Arabic</subfield><subfield code="z">Michigan</subfield><subfield code="z">Ann Arbor.</subfield></datafield><datafield tag="650" ind1=" " ind2="0"><subfield code="a">Islamic calligraphy</subfield><subfield code="v">Specimens.</subfield></datafield><datafield tag="650" ind1=" " ind2="0"><subfield code="a">Writing, Arabic</subfield><subfield code="v">Specimens.</subfield></datafield><datafield tag="650" ind1=" " ind2="0"><subfield code="a">Calligraphy, Arabic</subfield><subfield code="v">Specimens.</subfield></datafield><datafield tag="650" ind1=" " ind2="0"><subfield code="a">Calligraphy, Ottoman</subfield><subfield code="v">Specimens.</subfield></datafield><datafield tag="650" ind1=" " ind2="0"><subfield code="a">Islam</subfield><subfield code="v">Prayers and devotions</subfield><subfield code="v">Early works to 1800.</subfield></datafield><datafield tag="650" ind1=" " ind2="0"><subfield code="a">Badr, Battle of, Badr Ḥunayn, Saudi Arabia, 624</subfield><subfield code="v">Early works to 1800.</subfield></datafield><datafield tag="655" ind1=" " ind2="7"><subfield code="a">Headpieces (layout features)</subfield><subfield code="y">18th century.</subfield><subfield code="2">aat</subfield></datafield><datafield tag="700" ind1="0" ind2=" "><subfield code="a">Abdülhamid</subfield><subfield code="b">II,</subfield><subfield code="c">Sultan of the Turks,</subfield><subfield code="d">1842-1918,</subfield><subfield code="e">former owner.</subfield></datafield><datafield tag="700" ind1="0" ind2=" "><subfield code="6">880-04</subfield><subfield code="a">Hakkakzade Hafız Feyzullah,</subfield><subfield code="d">fl. 1785,</subfield><subfield code="e">calligrapher.</subfield></datafield><datafield tag="740" ind1="0" ind2="2"><subfield code="6">880-06</subfield><subfield code="a">Munājāt aṣḥāb Badr</subfield></datafield><datafield tag="740" ind1="0" ind2="2"><subfield code="6">880-05</subfield><subfield code="a">Aṣḥāb Badr min al-shuhadāʼ</subfield></datafield><datafield tag="773" ind1="0" ind2=" "><subfield code="a">Abdul Hamid Collection.</subfield></datafield><datafield tag="880" ind1="0" ind2="2"><subfield code="6">740-06/</subfield><subfield code="a">مناجات اصحاب بدر</subfield></datafield><datafield tag="880" ind1="0" ind2="2"><subfield code="6">740-05/</subfield><subfield code="a">اصحاب بدر من الشهداء</subfield></datafield><datafield tag="880" ind1="0" ind2=" "><subfield code="6">700-04/</subfield><subfield code="a">حكاك زاده حافظ فيض الله،</subfield><subfield code="e">خطاط.</subfield></datafield><datafield tag="880" ind1="0" ind2="0"><subfield code="6">245-03/</subfield><subfield code="a">[اصحاب بدر ...الخ,</subfield><subfield code="f">1200ه، 1785 او 1786ه].</subfield></datafield><datafield tag="CID" ind1=" " ind2=" "><subfield code="a">006796254</subfield></datafield><datafield tag="DAT" ind1="0" ind2=" "><subfield code="a">20190806040242.0</subfield><subfield code="b">20190806000000.0</subfield></datafield><datafield tag="DAT" ind1="1" ind2=" "><subfield code="a">20190806090531.0</subfield><subfield code="b">2019-08-06T16:07:39Z</subfield></datafield><datafield tag="DAT" ind1="2" ind2=" "><subfield code="a">2015-10-02T18:00:03Z</subfield></datafield><datafield tag="CAT" ind1=" " ind2=" "><subfield code="a">SDR-MIU</subfield><subfield code="d">EX LIBRIS - ALEPH</subfield><subfield code="l">prepare.pl-004-008</subfield></datafield><datafield tag="FMT" ind1=" " ind2=" "><subfield code="a">BK</subfield></datafield><datafield tag="HOL" ind1=" " ind2=" "><subfield code="0">sdr-miu006796254</subfield><subfield code="a">MiU</subfield><subfield code="b">SDR</subfield><subfield code="c">MIU</subfield><subfield code="p">mdp.39015079126085</subfield><subfield code="s">MIU</subfield><subfield code="1">006796254</subfield></datafield><datafield tag="974" ind1=" " ind2=" "><subfield code="b">MIU</subfield><subfield code="c">MIU</subfield><subfield code="d">20190806</subfield><subfield code="s">lit-dlps-dc</subfield><subfield code="u">mdp.39015079126085</subfield><subfield code="y">1786</subfield><subfield code="r">pd</subfield><subfield code="q">bib</subfield><subfield code="t">non-US bib date2 &lt; 1896</subfield></datafield></record></collection>